<?xml version="1.0" encoding="UTF-8"?><collection xmlns="http://www.loc.gov/MARC21/slim"><record><leader>00599nam--2200205-u-4500</leader><controlfield tag="001">000055650</controlfield><controlfield tag="002">20161230</controlfield><controlfield tag="005">20161230201052</controlfield><controlfield tag="008">130320s1000------------r-----000-0-eng-d</controlfield><datafield ind1=" " ind2=" " tag="020"><subfield code="a">085199010X</subfield></datafield><datafield ind1=" " ind2=" " tag="040"><subfield code="a">IFIN-HH</subfield></datafield><datafield ind1="1" ind2=" " tag="100"><subfield code="a">Thornley, J.H.M</subfield></datafield><datafield ind1="1" ind2="0" tag="245"><subfield code="a">Mathematical models in agriculture</subfield><subfield code="b">Quantitative methods for the plant, animal and ecological sciences</subfield><subfield code="c">J.h.m. thornley, j. france</subfield></datafield><datafield ind1=" " ind2=" " tag="250"><subfield code="a">Second Edition</subfield></datafield><datafield ind1=" " ind2=" " tag="260"><subfield code="a">Oxon, Uk</subfield><subfield code="b">Cabi</subfield><subfield code="c">2007</subfield></datafield><datafield ind1=" " ind2=" " tag="300"><subfield code="a">XVII+906P</subfield></datafield><datafield ind1=" " ind2="4" tag="650"><subfield code="a">Mathematical models</subfield></datafield><datafield ind1="1" ind2=" " tag="700"><subfield code="a">France, J</subfield></datafield><datafield ind1=" " ind2=" " tag="852"><subfield code="a">82356</subfield><subfield code="c">57</subfield></datafield><datafield ind1=" " ind2=" " tag="CAT"><subfield code="a">Sys</subfield><subfield code="c">20130321</subfield><subfield code="h">095910</subfield></datafield></record></collection>